%checked
@misc{FGComp13, 
  title        = {Fine-Grained Challenge 2013},  
  howpublished = {https://sites.google.com/site/fgcomp2013/},
} 



%-----------------------------------------------------------------------------------
% Datasets
%-----------------------------------------------------------------------------------

%checked
@inproceedings{CVPR10_0463,
 author    = "B. Yao and L. Fei-Fei",
 title     = "Grouplet: A Structured Image Representation for Recognizing Human and Object Interactions",
 booktitle = "IEEE Conference on Computer Vision and Pattern Recognition (CVPR)",
 year      = "2010",
 month     = "June",
 address   = "San Francisco, USA"
}

%checked
@article{Deng09ImageNet, 
  author  = {J. Deng and W. Dong and R. Socher and L.-J. Li and K. Li and L. Fei-Fei}, 
  title   = {ImageNet: A Large-Scale Hierarchical Image Database}, 
  journal = {IEEE Conference on Computer Vision and Pattern Recognition}, 
  year    = {2009}, 
}


article{10.1109/CVPRW.2009.5206848,
  author    = {J. Deng and  W. Dong and R. Socher and  L.-J. Li and  K. Li and  L. Fei-Fei},
  title     = {ImageNet: A large-scale hierarchical image database},
  journal   = {2013 IEEE Conference on Computer Vision and Pattern Recognition},
  volume    = {0},
  isbn      = {978-1-4244-3992-8},
  year      = {2009},
  pages     = {248-255},
  doi       = {http://doi.ieeecomputersociety.org/10.1109/CVPRW.2009.5206848},
  publisher = {IEEE Computer Society},
  address   = {Los Alamitos, CA, USA},
}

%checked
@misc{pascal-voc-2007,
	author       = "M. Everingham and L. Van~Gool and C. K. I. Williams and J. Winn and A. Zisserman",
	title        = "The {PASCAL} {V}isual {O}bject {C}lasses {C}hallenge 2007 {(VOC2007)} {R}esults",
	howpublished = "\url{http://www.pascal-network.org/challenges/VOC/voc2007/workshop/index.html}"
}

%checked
@techreport{CIFAR, 
  title  = {Learning Multiple Layers of Features from Tiny Images},
  author = {A. Krizhevsky},
  year   = {2009},
  month  = {April}
}

%checked
@article{MNIST, 
  title   = {Gradient-based learning applied to document recognition},
  author  = {Y. LeCun and L. Bottou and Y. Bengio and P. Haffner},
  year    = {1998},
  month   = {November},
  journal = {Proceedings of the IEEE}, 
  pages   = {2278-2324}
}

%checked
@techreport{maji13fine-grained,
   title         = {Fine-Grained Visual Classification of Aircraft},
   author        = {S. Maji and J. Kannala and E. Rahtu and M. Blaschko and A. Vedaldi},
   year          = {2013},
   archivePrefix = {arXiv},
   eprint        = {1306.5151},
   primaryClass  = "cs-cv",
}

%checked
@InProceedings{Nilsback08,
   author    = "M-E. Nilsback and A. Zisserman",
   title     = "Automated Flower Classification over a Large Number of Classes",
   booktitle = "Proceedings of the Indian Conference on Computer Vision, Graphics and Image Processing",
   year      = "2008",
   month     = "Dec"
} 

%checked
@article{Torralba08, 
  title   = {80 million tiny images: a large dataset for non-parametric object and scene recognition},
  author  = {A. Torralba and R. Fergus and W. T. Freeman}, 
  journal = {IEEE Transactions on Pattern Analysis and Machine Intelligence},
  pages   = {1958-1970}, 
  volume  = {30},
  issue   = {11}, 
  month   = {November}, 
  year    = {2008}  
}

%checked
@techreport{WelinderEtal2010,
	Author      = {P. Welinder and S. Branson and T. Mita and C. Wah and F. Schroff and S. Belongie and P. Perona},
	Institution = {California Institute of Technology},
	Number      = {CNS-TR-2010-001},
	Title       = {{Caltech-UCSD Birds 200}},
	Year        = {2010}
}








%-----------------------------------------------------------------------------------
% On-line librairies
%-----------------------------------------------------------------------------------

%checked
@article{CC01a,
 author  = {C.-C. Chang  and C.-J. Lin},
 title   = {{LIBSVM}: A library for support vector machines},
 journal = {ACM Transactions on Intelligent Systems and Technology},
 volume  = {2},
 issue   = {3},
 year    = {2011},
 pages   = {27:1-27:27},
 note    = {Software available at \url{http://www.csie.ntu.edu.tw/~cjlin/libsvm}}
}

%checked
@Article{REF08a,
  author  = {R.-E. Fan and K.-W. Chang and C.-J. Hsieh and X.-R. Wang and C.-J. Lin},
  title   = {{LIBLINEAR}: A Library for Large Linear Classification},
  journal = {Journal of Machine Learning Research},
  year    = {2008},
  volume  = {9},
  pages   = {1871-1874}
}

%checked
@article{Sermanet14overfeat, 
  author  = {P. Sermanet and D. Eigen and X. Zhang and M. Mathieu and R. Fergus and Y. LeCun},
  title   = {OverFeat: Integrated Recognition, Localization and Detection using Convolutional Networks}, 
  year    = {2014},
  journal = {International Conference on Learning Representations},
  month   = {April},
}

%checked
@misc{vedaldi08vlfeat,
 Author       = {A. Vedaldi and B. Fulkerson},
 Title        = {{VLFeat}: An Open and Portable Library of Computer Vision Algorithms},
 Year         = {2008},
 Howpublished = {\url{http://www.vlfeat.org/}},
}

%checked
@article{arXiv:1412.4564,
     author    = {A. Vedaldi and K. Lenc},
     title     = {MatConvNet -- Convolutional Neural Networks for MATLAB},
     journal   = {CoRR},
     volume    = {abs/1412.4564},
     year      = {2014},
}







%-----------------------------------------------------------------------------------
% Detection
%-----------------------------------------------------------------------------------

@article{Dollar2012PAMI,
  author  = {P. Doll\'ar and C. Wojek and B. Schiele and P. Perona},
  title   = {Pedestrian Detection: An Evaluation of the State of the Art},
  journal = {PAMI},
  volume  = {34},
  year    = {2012},
}

@article{Munder06, 
  author  = {S. Munder and D. M. Gavrila}, 
  title   = {An Experimental Study on Pedestrian Classification},
  journal = {IEEE Transactions on Pattern Analysis and Machine Intelligence},
  pages   = {1863-1868},   
  year    = {2006}, 
  volume  = {28},
  issue   = {11}, 
}

@article{Razakarivony13, 
  author  = {S. Razakarivony and F. Jurie},
  title   = {Small Target Detection combining Foreground and Background Manifolds},
  journal = {International Conference on Machine Vision Applications (MVA)},
  year    = {2013}   
}










%-----------------------------------------------------------------------------------
% Misc
%-----------------------------------------------------------------------------------


@article{SURF, 
  author  = {H. Bay and T. Tuytelaars and L.V. Gool}, 
  title   = {SURF: Speeded Up Robust Features}, 
  journal = {Proceedings of the ninth European Conference on Computer Vision}, 
  year    = {2006}
}

@article{Canu12, 
  author  = {S. Canu and J. Fournier and Y. Grandvalet and B. Labbe and G. Loosli and B. Quost and L. Ralaivola}, 
  title   = {Procédé d'élaboration d’un discriminateur multi classe}, 
  journal = {Brevet n 12 01998}, 
  year    = {2012}
}

@article{Durand13, 
  author  = {T. Durand and N. Thome and M. Cord and S. Avila},
  title   = {Image Classification using Object Detectors}, 
  journal = {ICIP},
  year    = {2013}
}

@article{LBP, 
  author  = {M. Pietikäinen and A. Hadid and G. Zhao and T. Ahonen}, 
  title   = {Computer Vision Using Local Binary Patterns}, 
  journal = {Springer},
  year    = {2011}
}

@article{SVM, 
  author  = {N. Sebe and I. Cohen and A. Garg and T. Huang}, 
  title   = {Machine Learning in Computer Vision}, 
  journal = {Springer Verlag}, 
  year    = {2005}
}

@article{classemes, 
  author  = {L. Torresani and M. Szummer and A. Fitzgibbon},
  title   = {Efficient object category recognition using classemes}, 
  journal = {European Conference on Computer Vision (ECCV)}, 
  pages   = {776-789}, 
  month   = {September}, 
  year    = {2010}
}

@article{ViolaJones, 
  author  = {Viola and Jones}, 
  title   = {Robust Real-time Object detection}, 
  journal = {International Conference on Computer Vision}, 
  year    = {2001}
}

@article{ObjectBank, 
  author   = {E. Xing and L.-J. Li and H. Su and L. Fei-Fei}, 
  title    = {Object bank : A high-level image representation for scene classification and semantic feature sparsification},
  journal  = {Neural Information Processing Systems (NIPS)}, 
  location = {Vancouver, Canada}, 
  month    = {December},
  year     = {2010}
}



%-----------------------------------------------------------------------------------
% HOG
%-----------------------------------------------------------------------------------


@article{Dalal05, 
  author   = {N. Dalal and B. Triggs }, 
  title    = {Histograms of Oriented Gradients for Human Detection }, 
  journal  = {Proceedings of IEEE Conference Computer Vision and Pattern Recognition},
  location = {San Diego, USA}, 
  pages    = {886-893},
  year     = {2005}, 
  month    = {June}, 
}

@article{Minetto13THOG,
  author  = {R. Minetto and N. Thome and M. Cord and N. Leite and J. Stolfi}, 
  title   = {T-HOG: an Effective Gradient-Based Descriptor for Single Line Text Regions}, 
  journal = {International Conference on Computer Vision and Pattern Recognition},
  year    = {2013}, 
  month   = {March}, 
  volume  = {46},
  issue   = {3}, 
  pages   = {1078-1090}  
}








%-----------------------------------------------------------------------------------
% BoW
%-----------------------------------------------------------------------------------

@article{Avila11bossa, 
  author  = {S. Avila and N. Thome and M. Cord and E. Valle and A. de A. Araújo}, 
  title   = {BOSSA: extended BoW formalism for image classification}, 
  journal = {IEEE International Conference on Image Processing (ICIP)},
  pages   = {2966-2969}, 
  year    = {2011}
}

@article{Avila13pooling, 
  author  = {S. Avila and N. Thome and M. Cord and E. Valle and A. de A. Araújo}, 
  title   = {Pooling in image Representation: the Visual Codeword Point of View}, 
  journal = {Computer Vision and Image Understanding (CVIU)}, 
  volume  = {117},  
  issue   = {5},
  pages   = {453-465}, 
  year    = {2013}
}

@InProceedings{Chatfield11,
  author       = "K. Chatfield and V. Lempitsky and A. Vedaldi and A. Zisserman",
  title        = "The devil is in the details: an evaluation of recent feature encoding methods",
  booktitle    = "British Machine Vision Conference",
  year         = "2011",
}

@article{FV_FGComp13, 
  author  = {P.H. Gosselin and N. Murray and H. Jegou and F. Perronnin},
  title   = {Revisiting the Fisher vector for fine-grained classification}, 
  journal = {Pattern Recognition Letters}, 
  volume  = {49},
  pages   = {92-98},
  month   = {November}, 
  year    = {2014} 
}

@article{Law12fusion, 
  author  = {M. Law and N. Thome and M. Cord},
  title   = {Hybrid Pooling Fusion in the BoW pipeline},  
  journal = {ECCV 2012 Workshop on Information fusion in Computer Vision for Concept Recognition (ECCV-IFCVCR 2012)}, 
  year    = {2012}
}

@article{Lazebnik06, 
  author   = {S. Lazebnik and C. Schmid and J. Ponce}, 
  title    = {Beyond Bags of Features: Spatial Pyramid Matching for Recognizing Natural Scene Categories},
  journal  = {Proceedings of the IEEE Conference on Computer Vision and Pattern Recognition (CVPR)}, 
  location = {New York}, 
  year     = {2006},
  month    = {June}, 
  pages    = {2169-2178}, 
  volume   = {2} 
}

@article{Liu11softcoding, 
  author  = {L. Liu and L. Wang and X. Liu}, 
  title   = {In Defense of Soft-assignment Coding}, 
  journal = {IEEE International Conference on Computer Vision (ICCV)},
  year    = {2011} 
}

@article{Lowe04, 
  author  = {D. G. Lowe}, 
  title   = {Distinctive image features from scale-invariant keypoints},
  journal = {International Journal of Computer Vision}, 
  year    = {2004}, 
  pages   = {91-110}, 
  volume  = {60}, 
  issue   = {2} 
}

@article{LowePatent04, 
  author  = {D. Lowe}, 
  title   = {Method and apparatus for identifying scale invariant features in an image and use of same for locating an object in an image}, 
  journal = {U.S. Patent 6,711,293},
  year    = {2004}
}

@article{Lowe99, 
  author  = {D. Lowe}, 
  title   = {Object recognition from local scale-invariant features}, 
  journal = {Proceedings of the International Conference on Computer Vision}, 
  pages   = {1150–1157}, 
  year    = {1999}
}

article{10.1109/CVPR.2007.383266,
  author    = {F. Perronnin and C. Dance},
  title     = {Fisher Kernels on Visual Vocabularies for Image Categorization},
  journal   = {2013 IEEE Conference on Computer Vision and Pattern Recognition},
  volume    = {0},
  isbn      = {1-4244-1179-3},
  year      = {2007},
  pages     = {1-8},
  doi       = {http://doi.ieeecomputersociety.org/10.1109/CVPR.2007.383266},
  publisher = {IEEE Computer Society},
  address   = {Los Alamitos, CA, USA},
}

@article{10.1109/CVPR.2007.383266,
  author    = {F. Perronnin and C. Dance},
  title     = {Fisher Kernels on Visual Vocabularies for Image Categorization},
  journal   = {IEEE Conference on Computer Vision and Pattern Recognition},
  year      = {2007}
}

inproceedings{Perronnin:2010:IFK:1888089.1888101,
  author    = {F. Perronnin and J. S\'{a}nchez and T. Mensink},
  title     = {Improving the Fisher Kernel for Large-scale Image Classification},
  booktitle = {Proceedings of the 11th European Conference on Computer Vision: Part IV},
  series    = {ECCV'10},
  year      = {2010},
  isbn      = {3-642-15560-X, 978-3-642-15560-4},
  location  = {Heraklion, Crete, Greece},
  pages     = {143--156},
  numpages  = {14},
  howpublished = {http://dl.acm.org/citation.cfm?id=1888089.1888101},
  acmid     = {1888101},
  publisher = {Springer-Verlag},
  address   = {Berlin, Heidelberg},
} 

@inproceedings{Perronnin:2010:IFK:1888089.1888101,
  author    = {F. Perronnin and J. S\'{a}nchez and T. Mensink},
  title     = {Improving the Fisher Kernel for Large-scale Image Classification},
  booktitle = {Proceedings of the 11th European Conference on Computer Vision: Part IV},
  series    = {ECCV},
  year      = {2010},
  pages     = {143--156}
}

@InProceedings{Sivic03,
   author    = "J. Sivic and A. Zisserman",
   title     = "{Video Google}: {A} Text Retrieval Approach to Object Matching in Videos",
   booktitle = "Proceedings of the International Conference on Computer Vision",
   month     = oct,
   volume    = "2",
   pages     = "1470--1477",
   year      = "2003",
   howpublished = "\url{http://www.robots.ox.ac.uk/~vgg}",
}

@article{Theriault13, 
  author  = {C. Theriault and N. Thome and M. Cord}, 
  title   = {Extended coding and pooling in the HMAX model}, 
  journal = {IEEE Transactions on Image Processing}, 
  year    = {2013}
}








%-----------------------------------------------------------------------------------
% Deep
%-----------------------------------------------------------------------------------

@inproceedings{Bengio13,
 author    = {Y. Bengio},
 title     = {Deep Learning of Representations: Looking Forward},
 booktitle = {Proceedings of the First International Conference on Statistical Language and Speech Processing},
 series    = {SLSP'13},
 year      = {2013},
 location  = {Tarragona, Spain},
 pages     = {1-37}
} 

@article{10.1109/TPAMI.2013.50,
  author    = {Y. Bengio and A. Courville and P. Vincent},
  title     = {Representation Learning: A Review and New Perspectives},
  journal   = {IEEE Transactions on Pattern Analysis and Machine Intelligence},
  volume    = {35},
  number    = {8},
  issn      = {0162-8828},
  year      = {2013},
  pages     = {1798-1828},
  doi       = {http://doi.ieeecomputersociety.org/10.1109/TPAMI.2013.50},
  publisher = {IEEE Computer Society},
  address   = {Los Alamitos, CA, USA},
}

% checked
@InProceedings{Chatfield14,
  author       = "Chatfield, K. and Simonyan, K. and Vedaldi, A. and Zisserman, A.",
  title        = "Return of the Devil in the Details: Delving Deep into Convolutional Nets",
  booktitle    = "British Machine Vision Conference",
  year         = "2014",
  archivePrefix= "arXiv",
  eprint       = "1405.3531",
  primaryClass = "cs"
}

@article{Chevalier15, 
  author  = {M. Chevalier and N. Thome and M. Cord and J. Fournier and G. Henaff and E. Dusch}, 
  title   = {LR-CNN for fine-grained classification with varying resolution},
  journal = {ICIP}, 
  year    = {2015. To appear} 
}

@inproceedings{girshick2014rcnn,
  Author    = {R. Girshick and J. Donahue and T. Darrell and J. Malik},
  Title     = {Rich feature hierarchies for accurate object detection and semantic segmentation},
  Booktitle = {Proceedings of the IEEE Conference on Computer Vision and Pattern Recognition ({CVPR})},
  Year      = {2014}
}

@article{Goh12, 
  author  = {H. Goh and N. Thome and M. Cord and J-H. Lim}, 
  title   = {Unsupervised and Supervised Visual Codes with Restricted Boltzmann Machines}, 
  journal = {ECCV}, 
  year    = {2012}
}

@article{He14, 
  author  = {K. He and X. Zhang and S. Ren and J. Sun}, 
  title   = {Spatial Pyramid Pooling in Deep Convolutional Networks for Visual Recognition}, 
  journal = {ECCV}, 
  year    = {2014}
}

@article{Krizhevsky12, 
  author   = {A. Krizhevsky and I. Sutskever and G. E. Hinton},
  title    = {ImageNet Classification with Deep Convolutional Neural Networks}, 
  journal  = {Neural Information Processing Systems},
  location = {Lake Tahoe, Nevada}, 
  year     = {2012} 
}

@article{lecun-98, 
  author  = {Y. LeCun and L. Bottou, Y. Bengio and P. Haffner},
  title   = {Gradient-Based Learning Applied to Document Recognition}, 
  journal = {Proceedings of the IEEE, 86(11):2278-2324}, 
  month   = {November}, 
  year    = {1998}
}

@article{Lenc15, 
  author  = {K. Lenc and A. Vedaldi},
  title   = {Understanding image representations by measuring their euivariance and equivalence}, 
  journal = {CVPR}, 
  year    = {2015}
}

@article{Lin13, 
  author  = {M. Lin and Q. Chen and S. Yan}, 
  title   = {Network In Network}, 
  journal = {ICLR}, 
  year    = {2014}
}

@article{Oquab15, 
  author  = {M. Oquab and L. Bottou and I. Laptev and J. Sivic}, 
  title   = {Is Object Localization for Free? - Weakly-Supervised Learning With Convolutional Neural Networks}, 
  journal = {CVPR}, 
  year    = {2015}
}

@InProceedings{Oquab14,
   author    = "M. Oquab and L. Bottou and I. Laptev and J. Sivic",
   title     = "Learning and Transferring Mid-Level Image Representations using Convolutional Neural Networks",
   booktitle = "Proceedings of the IEEE Conference on Computer Vision and Pattern Recognition",
   year      = "2014",
}

% checked
@inproceedings{Razavian14CNNofftheshelf,
  author    = {A. Razavian and H. Azizpour and J. Sullivan and S. Carlsson},
  title     = {{CNN} Features Off-the-Shelf: An Astounding Baseline for Recognition},
  booktitle = {{IEEE} Conference on Computer Vision and Pattern Recognition, {CVPR}
               Workshops 2014, Columbus, OH, USA, June 23-28, 2014},
  pages     = {512--519},
  year      = {2014},
  crossref  = {DBLP:conf/cvpr/2014w},
  howpublished = {http://dx.doi.org/10.1109/CVPRW.2014.131},
  doi       = {10.1109/CVPRW.2014.131},
  timestamp = {Thu, 19 Feb 2015 16:04:59 +0100},
  biburl    = {http://dblp.uni-trier.de/rec/bib/conf/cvpr/RazavianASC14},
  bibsource = {dblp computer science bibliography, http://dblp.org}
}

% checked
@article{Szegedy15, 
  author  = {C. Szegedy and W. Liu and Y. Jia and P. Sermanet and S. Reed and D. Anguelov and D. Erhan and V. Vanhoucke and A. Rabinovich}, 
  title   = {Going Deeper With Convolutions}, 
  journal = {CVPR}, 
  year    = {2015}
}

@article{Szegedy14, 
  author  = {C. Szegedy and W. Zaremba and I. Sutskever and J. Bruna and D. Erhan and I. Goodfellow and R. Fergus}, 
  title   = {Intriguing properties of neural networks}, 
  journal = {ICLR}, 
  year    = {2014}
}


@article{Wan13, 
  author  = {L. Wan and M. Zeiler and S. Zhang and Y. Le Cun and R. Fergus},
  title   = {Regularization of Neural Networks using DropConnect}, 
  journal = {ICML}, 
  year    = {2013}, 
  pages   = {1058-1066}
}

@article{Yosinski14, 
  author  = {J. Yosinski and J. Clune and Y. Bengio and H. Lipson}, 
  title   = {How transferable are features in deep neural networks?}, 
  journal = {NIPS}, 
  year    = {2014}
}












%-----------------------------------------------------------------------------------
% Privileged information
%-----------------------------------------------------------------------------------
% checked
@article{Chen14, 
  author  = {L. Chen and W. Li and D. Xu},
  title   = {Recognizing RGB Images by Learning from RGB-D Data}, 
  journal = {CVPR}, 
  year    = {2014}
}

%checked
@article{Feyereisl14, 
  author  = {J. Feyereisl and S. Kwak and J. Son and B. Han},
  title   = {Object Localization based on Structural SVM using Privileged Information}, 
  journal = {NIPS}, 
  year    = {2014}
}

%checked
@article{Feyereisl12,
  author  = {J. Feyereisl and U. Aickelin},
  title   = {Privileged information for data clustering}, 
  journal = {Information Sciences}, 
  year    = {2012}
}

% checked
@article{Fouad13, 
  author  = {S. Fouad and P. Tino and S. Raychaudhury and P. Schneider}, 
  title   = {Incorporating Privileged Information Through Metric Learning}, 
  journal = {IEEE Transactions on Neural Networks and Learning Systems (NNLS)},
  year    = {2013}
}

% checked
@article{Fouad13IJCNN, 
  author  = {S. Fouad and P. Tino}, 
  title   = {Ordinal-based metric learning for learning using privileged information}, 
  journal = {IJCNN}, 
  year    = {2013}
}

@article{Fouad12, 
  author  = {S. Fouad and P. Tino and S. Raychaudhury and P. Schneider}, 
  title   = {Learning Using Privileged Information in Prototype Based Models},
  journal = {ICANN}, 
  year    = {2012}
}

% checked
@article{Hernandez14, 
  author  = {D. Hernandez-Lobato and V. Sharmanska and K. Kersting and C. Lampert and N. Quadrianto},
  title   = {Mind the Nuisance: Gaussian Process Classification using Privileged Noise}, 
  journal = {Conference on Neural Information Processing Systems (NIPS)},
  year    = {2014}
}

%checked
@article{Lapin14, 
  author  = {M. Lapin and M. Hein and B. Schiele},
  title   = {Learning Using Privileged Information: SVM+ and Weighted SVM}, 
  journal = {Neural Networks},
  year    = {2014}
}

% checked
@article{Pechyony11, 
  author  = {D. Pechyony and V. Vapnik},
  title   = {Fast Optimization Algorithms for Solving SVM+}, 
  journal = {Chapter in Statistical Learning and Data Science}, 
  year    = {2011}
}

@article{Pechyony10NIPS, 
  author  = {D. Pechyony and V. Vapnik}, 
  title   = {On the Theory of Learning Using Privileged Information}, 
  journal = {NIPS},
  year    = {2010}
}

@article{Pechyony10, 
  author  = {D. Pechyony and R. Izmailov and A. Vashist and V. Vapnik}, 
  title   = {SMO-style algorithms for Learning Using Privileged Information}, 
  journal = {DMIN},
  year    = {2010}
}

% checked
@article{Pentina15, 
  author  = {A. Pentina and V. Sharmanska and C. Lampert}, 
  title   = {Curriculum Learning of Multiple Tasks}, 
  journal = {CVPR}, 
  year    = {2015}
}

% checked
@InProceedings{ShaQuaLam14,
  author    = {V. Sharmanska and N. Quadrianto and C.H. Lampert},
  title     = {Learning to Transfer Privileged Information},
  booktitle = {arXiv:1410.0389},
  year      = {2014}
}

% checked
@InProceedings{ShaQuaLam13,
  author    = {V. Sharmanska and N. Quadrianto and C.H. Lampert},
  title     = {Learning to Rank Using Privileged Information},
  booktitle = {International Conference on Computer Vision (ICCV)},
  year      = {2013}
}

@article{Vapnik09, 
  author  = {V. Vapnik and A. Vashist}, 
  title   = {A new learning paradigm: Learning using privileged information}, 
  journal = {Neural Networks},
  year    = {2009}
}

@article{Wang15, 
  author  = {S. Wang and J. Yang}, 
  title   = {Learning to Transfer Privileged Ranking Attribute for Object Classification}, 
  journal = {JOICS}, 
  year    = {2015}
}

@article{WangCVPR15hiddeninfo, 
  author  = {Z. Wang and Q. Ji}, 
  title   = {Classifier learning with hidden information},
  year    = {2015}, 
  journal = {CVPR}
}

% checked
@article{Wolf13, 
  author  = {L. Wolf and N. Levy},
  title   = {The SVM-minus Similarity Score for Video Face Recognition}, 
  journal = {IEEE Conference on Computer Vision and Pattern Recognition (CVPR)},
  year    = {2013}
}

% checked 
@article{Xing03, 
  author  = {E. P. Xing and A. Y. Ng and M. I. Jordan and S. Russell}, 
  title   = {Distance Metric Learning, with application to Clustering with side-information}, 
  journal = {Advances in Neural Information Processing Systems}, 
  year    = {2002}
}





%----------------------------------------------------------------------------------
% Priv info and deep
%----------------------------------------------------------------------------------

@article{Ba14, 
  author  = {J. Ba and R. Caruana}, 
  title   = {Do Deep Nets Really Need to be Deep?}, 
  journal = {NIPS}, 
  year    = {2014}
}

%checked
@article{Bucila06, 
  author  = {C. Bucila and R. Caruana and A. Niculescu-Mizil}, 
  title   = {Model Compression}, 
  journal = {Proceedings of the 12th ACM SIGKDD International Conference on Knowledge Discovery and Data Mining (KDD)}, 
  month   = {August}, 
  year    = {2006}
}

@article{Hinton14, 
  author  = {G. Hinton and O. Vinyals and J. Dean}, 
  title   = {Distilling the Knowledge in a Neural Network}, 
  journal = {Deep Learning and Representation Learning Workshop: NIPS}, 
  year    = {2014}
}

@article{Romero15, 
  author  = {A. Romero and N. Ballas and S. E. Kahou and A. Chassang and C. Gatta and Y. Bengio}, 
  title   = {FitNets: Hints for Thin Deep Nets},
  journal = {ICLR}, 
  year    = {2015}
}









%-----------------------------------------------------------------------------------
% Traitement des donnees - Transfer learning & domain adaptation
%-----------------------------------------------------------------------------------

@article{Angelova05pruning, 
  author  = {A. Angelova and Y. Abu-Mostafa and P. Perona}, 
  title   = {Pruning training sets for learning of object categories}, 
  journal = {IEEE Conference Computer Vision and Pattern Recognition (CVPR)}, 
  year    = {2005}
}

@article{Arnold07transductiveTL, 
  author  = {A. Arnold and R. Nallapati and W. Cohen},
  title   = {A Comparative Study of Methods for Transductive Transfer Learning},
  journal = {In proceedings of the IEEE International Conference on Data Mining (ICDM) 2007 Workshop on Mining and Management of Biological Data}, 
  year    = {2007},
  month   = {October},   
}

@techreport {Beijbom12,
	title       = {Domain Adaptation for Computer Vision Applications},
	year        = {2012},
	month       = {June, 2012},
	institution = {University of California, San Diego},
	author      = {O. Beijbom}
}

@article{Lapedriza13, 
  author  = {A. Lapedriza and H. Pirsiavash and Z. Bylinskii and and A. Torralba}, 
  title   = {Are all training examples equally valuable?}, 
  journal = {arXiv preprint arXiv:1311.6510}, 
  year    = {2013}
}

@article{Pan10surveyTL, 
  author  = {S. J. Pan and Q. Yang}, 
  title   = {A Survey on Transfer Learning}, 
  journal = {IEEE Transactions on Knowledge and Data Engineering (IEEE TKDE)}, 
  year    = {2010}, 
  month   = {October}, 
  pages   = {1345-1359}, 
  volume  = {22},
  issue   = {10} 
}

@article{Torralba11,
  author  = {A. Torralba and A. Efros},
  title   = {Unbiased Look at Dataset Bias},  
  journal = {IEEE Conference on Computer Vision and Pattern Recognition (CVPR)}, 
  year    = {2011}
}


